@article{PhilNotes,
      title = {Monte Carlo Simulation of Polymers:  Coarse-Grained Models},
      author = {J\"org Baschnagel, Joachim P. Wittmer, Hendrik Meyer},
      publisher = {},
      year = 2004,
      journal = {John von Neumann Institute for Computing},
      volume = 23,
      pages = {83-140},
      url = {http://www.pa.msu.edu/~duxbury/courses/phy480/BaschnagelReview2004.pdf} 
}
@article{Rosenbluth,
      title = {Monte Carlo Calculation of the Average Extension of Molecular Chains},
      author = {Marshall N. Rosenbluth and Arianna W. Rosenbluth},
      publisher = {},
      year = 1955,
      journal = {The Journal of Chemical Physics},
      volume = 23,
      pages = 356}
}
@article{SSRosenbluth,
      title = {From Rosenbluth Sampling to PERM - rare event sampling with stochastic growth algorithms},
      author = {Thomas Prellberg},
      publisher = {Oldenburg, Germany},
      year = 2012,
      journal = {Lecture given at the International Summer School, Modern Computational Science 2012 - Optimization},
      url = {http://www.maths.qmul.ac.uk/~tp/papers/pub084pre.pdf} 
}
@book{Nunes,
	title = {Nuclear Reactions for Astrophysics},
	author = {Ian J. Thompson and Filomena M. Nunes},
	publisher = {Cambridge University Press},
	year = 2009,
	address = {New York}
}
@article{sun}
	title = {The Photosphere},
	author = {University of St. Andrews}
	publisher= {AWH/JOC},
	year = {1995},
	month = {September},
	url = {www-solar.mcs.st-andrews.ac.uk/~alan/sun_course/Introduction/Photosphere.html}
}