@article{PhilNotes,
      title = {Monte Carlo Simulation of Polymers:  Coarse-Grained Models},
      author = {J\"org Baschnagel, Joachim P. Wittmer, Hendrik Meyer},
      publisher = {},
      year = 2004,
      journal = {John von Neumann Institute for Computing},
      volume = 23,
      pages = {83-140},
      url = {http://www.pa.msu.edu/~duxbury/courses/phy480/BaschnagelReview2004.pdf}
      
}